@misc{levenshtein,
      author = "Wikipedia",
      title = "Odległość {L}evenshteina",
      howpublished = "\url{http://pl.wikipedia.org/wiki/Odleg%C5%82o%C5%9B%C4%87_Levenshteina}"
}

@misc{blog-in-15-min,
      author = "Ryan Bates",
      title = "Creating a weblog in 15 minutes",
      howpublished = "\url{http://media.rubyonrails.org/video/rails_blog_2.mov}"
}

@misc{ryan-bates,
      author = "Ryan Bates",
      title = "Railscasts -- free {R}uby on {R}ails screencasts",
      howpublished = "\url{http://railscasts.com/}"
}

@book{martin-fowler,
      author = "Martin Fowler",
      title = "Patterns of {E}nterprise {A}pplication {A}rchitecture",
      publisher = "Addison-Wesley",
      year = "2002"
}

@misc{rails-merb,
      author = "David Heinemeier Hansson",
      title = "Merb gets merged into {R}ails 3!",
      year = 2008,
      month = 12,
      howpublished = "\url{http://weblog.rubyonrails.org/2008/12/23/merb-gets-merged-into-rails-3}"
}

@misc{compass,
      author = "Chris Eppstein",
      title = "Stylesheet {A}uthoring {E}nvironment that makes your website design simpler to implement and easier to maintain",
      howpublished = "\url{http://wiki.github.com/chriseppstein/compass}"
}

@misc{cucumber,
      author = "Aslak Hellesøy",
      title = "B{D}{D} that talks to domain experts first and code second",
      howpublished = "\url{http://wiki.github.com/aslakhellesoy/cucumber}"
}

@misc{github,
      author = "Chris Wanstrath and PJ Hyett and Tom Preston-Werner",
      title = "Github -- {S}ocial {C}oding",
      howpublished = "\url{http://github.com/}"
}

@misc{github-statistics,
      author = "Wikipedia",
      title = "Github",
      howpublished = "\url{http://en.wikipedia.org/wiki/GitHub}"
}

@misc{ubuntu,
      title = "Ubuntu -- linux for human beings",
      howpublished = "\url{http://www.ubuntu.pl/}"
}

@misc{ruby-package,
      title = "Ruby -- {A} {P}rogrammer's {B}est {F}riend",
      howpublished = "\url{http://www.ruby-lang.org/pl/downloads/}"
}

@misc{rubygems,
      title = "Ruby{F}orge",
      howpublished = "\url{http://rubyforge.org/frs/?group_id=126&release_id=9501}"
}

@misc{embedded-system,
      author = "Wikipedia",
      title = "System wbudowany",
      howpublished = "\url{http://pl.wikipedia.org/wiki/System_wbudowany}"
}

@misc{rails-guides,
      author = "Sven Fuchs and Karel Minařík",
      title = "Rails {I}nternationalization ({I}18n) {A}{P}{I}",
      howpublished = "\url{http://guides.rubyonrails.org/i18n.html}"
}

@misc{moodle-statistics,
      title = "Moodle {S}tatistics",
      howpublished = "\url{http://moodle.org/stats/}"
}

@misc{html5,
      title = "H{T}{M}{L} 5 -- {W}3{C} {W}orking {D}raft",
      year = "2009",
      month = "08",
      howpublished = "\url{http://www.w3.org/TR/2009/WD-html5-20090825/}"
}

@misc{yui-app-theme,
      title = "Y{U}{I} {A}pp {T}heme",
      author = "Tyler Hall ",
      howpublished = "\url{http://github.com/tylerhall/yui-app-theme}"
}

@misc{olat,
      title = "Who {U}ses {O}{L}{A}{T}? {L}ist of {O}{L}{A}{T} {I}nstallations",
      howpublished = "\url{http://www.olat.org/website/en/html/about_worldwide.html}"
}

@misc{ruby-windows,
      title = "Ruby {I}nstaller for {W}indows",
      howpublished = "\url{http://rubyforge.org/frs/?group_id=167}",
      year = "2009",
      month = "08"
}

@misc{sqlite-windows,
      title = "S{Q}{L}ite {D}ownload {P}age",
      howpublished = "\url{http://www.sqlite.org/download.html}"
}

@misc{imagemagick-windows,
      title = "Image{M}agick",
      howpublished = "\url{http://www.imagemagick.org/script/binary-releases.php}"
}

@misc{git-windows,
      title = "msysgit -- {G}it on {W}indows",
      howpublished = "\url{http://code.google.com/p/msysgit/}"
}

@misc{nerdquiz,
      title = "Nerd {Q}uiz, wersja polska",
      howpublished = "\url{http://nerdquiz.sgh.waw.pl/}",
      author = "Piotr Kucharski"
}

@misc{veenstra,
      title = "Levenshtein rdoc",
      howpublished = "\url{http://www.erikveen.dds.nl/levenshtein/doc/index.html}",
      author = "Erik Veenstra"
}

@misc{radarek,
      title = "Radarek bloguje o {R}uby",
      howpublished = "\url{http://radarek.jogger.pl/}",
      author = "Radosław Bułat"
}

@misc{rvm,
      title = "R{V}{M} -- {R}uby {V}ersion {M}anager",
      howpublished = "\url{http://rvm.beginrescueend.com}",
      author = "Wayne E. Seguin"
}

@misc{gemcutter,
      title = "Gemcutter -- awesome gem hosting",
      howpublished = "\url{http://gemcutter.org/stats}",
      year = "2009",
      month = "11"
}