@misc{levenshtein,
      title = "Odległość Levenshteina",
      howpublished = "\url{http://pl.wikipedia.org/wiki/Odległość_Levenshteina}"
}
